@Book{Edelsbrunner10,
  Title                    = {Computational topology: {A}n introduction},
  Author                   = {Herbert Edelsbrunner and John Harer},
  Publisher                = {American Mathematical Society},
  Year                     = {2010},

  Address                  = {Providence, RI, USA},
}

@Article{Edelsbrunner02,
  Title                    = {Topological persistence and simplification},
  Author                   = {Herbert Edelsbrunner and David Letscher and Afra J. Zomorodian},
  Journal                  = {Discrete {\&} Computational Geometry},
  Year                     = {2002},

  Month                    = nov,
  Number                   = {4},
  Pages                    = {511--533},
  Volume                   = {28},

  Doi                      = {10.1007/s00454-002-2885-2}
}

@article {Laramee10,
  author  = {Robert S. Laramee},
  title   = {How to write a visualization research paper: {A} starting point},
  journal = {Computer Graphics Forum},
  volume  = {29},
  number  = {8},
  doi     = {10.1111/j.1467-8659.2010.01748.x},
  pages   = {2363--2371},
  year    = {2010}
}

@article{Laramee11,
  author  = {Robert S. Laramee}, 
  journal = {IEEE Computer Graphics and Applications}, 
  title   = {How to read a visualization research paper: {E}xtracting the essentials}, 
  year    = {2011}, 
  volume  = {31}, 
  number  = {3}, 
  pages   = {78--82}, 
  doi     = {10.1109/MCG.2011.44}, 
}
